<record><leader>00000cas a22000007a 4500</leader><controlfield tag="001">19401099</controlfield><controlfield tag="008">890320d19801981mduwr ne      0    0eng d</controlfield><datafield ind1=" " ind2=" " tag="010"><subfield code="a">sn 88065753 </subfield></datafield><datafield ind1=" " ind2=" " tag="040"><subfield code="a">MFN</subfield><subfield code="b">eng</subfield><subfield code="c">MFN</subfield><subfield code="d">OCLCQ</subfield></datafield><datafield ind1=" " ind2=" " tag="042"><subfield code="a">msc</subfield></datafield><datafield ind1="0" ind2=" " tag="130"><subfield code="a">County courier (Olney-Laytonsville ed.)</subfield></datafield><datafield ind1="1" ind2="0" tag="245"><subfield code="a">County courier.</subfield></datafield><datafield ind1=" " ind2=" " tag="250"><subfield code="a">Olney-Laytonsville ed.</subfield></datafield><datafield ind1=" " ind2=" " tag="260"><subfield code="a">Damascus, Md. :</subfield><subfield code="b">Courier Newspapers</subfield></datafield><datafield ind1=" " ind2=" " tag="300"><subfield code="a">v.</subfield></datafield><datafield ind1=" " ind2=" " tag="310"><subfield code="a">Weekly</subfield></datafield><datafield ind1="1" ind2=" " tag="362"><subfield code="a">Began in 1980.</subfield></datafield><datafield ind1="0" ind2=" " tag="362"><subfield code="a">-v. 20, no. 6 (Dec. 23, 1981).</subfield></datafield><datafield ind1=" " ind2=" " tag="588"><subfield code="a">Description based on: Vol. 18, no. 34 (July 9, 1980).</subfield></datafield><datafield ind1=" " ind2=" " tag="752"><subfield code="a">United States</subfield><subfield code="b">Maryland</subfield><subfield code="c">Montgomery</subfield><subfield code="d">Damascus.</subfield></datafield><datafield ind1=" " ind2=" " tag="752"><subfield code="a">United States</subfield><subfield code="b">Maryland</subfield><subfield code="c">Montgomery</subfield><subfield code="d">Laytonsville.</subfield></datafield><datafield ind1=" " ind2=" " tag="752"><subfield code="a">United States</subfield><subfield code="b">Maryland</subfield><subfield code="c">Montgomery</subfield><subfield code="d">Olney.</subfield></datafield><datafield ind1="0" ind2="1" tag="780"><subfield code="t">County courier (Damascus, Md.)</subfield><subfield code="w">(DLC)sn 80001301</subfield></datafield><datafield ind1="0" ind2="0" tag="785"><subfield code="t">Courier, Olney, Laytonsville</subfield><subfield code="w">(DLC)sn 88065762</subfield></datafield><datafield ind1="1" ind2=" " tag="029"><subfield code="a">AU@</subfield><subfield code="b">000025827245</subfield></datafield></record>